<record><leader>00000cas a22000007a 4500</leader><controlfield tag="001">16946781</controlfield><controlfield tag="008">871106u1923uuuutxuwr ne      0    0eng d</controlfield><datafield ind1=" " ind2=" " tag="010"><subfield code="a">sn 87091138 </subfield></datafield><datafield ind1=" " ind2=" " tag="040"><subfield code="a">PPM</subfield><subfield code="b">eng</subfield><subfield code="c">PPM</subfield><subfield code="d">OCLCQ</subfield></datafield><datafield ind1=" " ind2=" " tag="042"><subfield code="a">msc</subfield></datafield><datafield ind1="0" ind2=" " tag="130"><subfield code="a">Brown County gazette (Bangs, Tex.)</subfield></datafield><datafield ind1="1" ind2="0" tag="245"><subfield code="a">Brown County gazette.</subfield></datafield><datafield ind1="3" ind2="0" tag="246"><subfield code="a">Brown County gazette and the Bangs gazette</subfield></datafield><datafield ind1=" " ind2=" " tag="260"><subfield code="a">Bangs, Tex. :</subfield><subfield code="b">Kyle Pub. Co.</subfield></datafield><datafield ind1=" " ind2=" " tag="310"><subfield code="a">Weekly</subfield></datafield><datafield ind1="1" ind2=" " tag="362"><subfield code="a">Began May 6, 1923.</subfield></datafield><datafield ind1=" " ind2=" " tag="588"><subfield code="a">Description based on: Vol. 22, no. 8 (July 7, 1945).</subfield></datafield><datafield ind1=" " ind2=" " tag="752"><subfield code="a">United States</subfield><subfield code="b">Texas</subfield><subfield code="c">Brown</subfield><subfield code="d">Bangs.</subfield></datafield><datafield ind1="1" ind2=" " tag="029"><subfield code="a">AU@</subfield><subfield code="b">000025835089</subfield></datafield></record>